@article{Harvey:2012du,
author = {Harvey, Christopher D and Coen, Philip and Tank, David W},
title = {{Choice-specific sequences in parietal cortex during a virtual-navigation decision task}},
journal = {Nature},
year = {2012},
volume = {484},
number = {7392},
pages = {62--68},
month = mar
}

@article{Rajan:2016cp,
author = {Rajan, Kanaka and Harvey, Christopher D and Tank, David W},
title = {{Recurrent Network Models of Sequence Generation and Memory.}},
journal = {Neuron},
year = {2016},
month = mar
}